<record><leader>01615cam a2200325 a 4500</leader><controlfield tag="001">1359151</controlfield><controlfield tag="008">910225s1985    fr ac    b    1   0 eng d</controlfield><datafield ind1=" " ind2=" " tag="020"><subfield code="a">2853407128</subfield></datafield><datafield ind1=" " ind2=" " tag="035"><subfield code="a">ocm14137243</subfield></datafield><datafield ind1=" " ind2=" " tag="040"><subfield code="b">eng</subfield></datafield><datafield ind1=" " ind2=" " tag="049"><subfield code="a">AEU</subfield><subfield code="b">eng</subfield></datafield><datafield ind1=" " ind2="3" tag="055"><subfield code="a">SB 191 T7</subfield><subfield code="b">E86 1984</subfield></datafield><datafield ind1="0" ind2=" " tag="090"><subfield code="a">SB 191 T7 E86 1984</subfield></datafield><datafield ind1="2" ind2=" " tag="111"><subfield code="a">EUCARPIA Meeting of the Cereal Section on Triticale</subfield><subfield code="d">(1984 :</subfield><subfield code="c">Clermont-Ferrand, France)</subfield></datafield><datafield ind1="1" ind2="0" tag="245"><subfield code="a">Genetics and breeding of triticale :</subfield><subfield code="b">proceedings of the 3rd EUCARPIA Meeting of the Cereal Section on Triticale = G&#233;n&#233;tique et s&#233;lection du triticale : comptes-rendus des conf&#233;rences pr&#233;sent&#233;es au Congr&#232;s de la Section C&#233;r&#233;ales d'EUCARPIA sur le Triticale, INRA, Station d'Am&#233;lioration des Plantes, Clermont-Ferrand, France, 2-5 Juillet 1984 /</subfield><subfield code="c">[editors, M. Bernard, S. Bernard].</subfield></datafield><datafield ind1=" " ind2=" " tag="260"><subfield code="a">Paris :</subfield><subfield code="b">Institut national de la recherche agronomique ;</subfield><subfield code="a">Versailles :</subfield><subfield code="b">For sale, INRA, Service de Publications,</subfield><subfield code="c">c1985.</subfield></datafield><datafield ind1=" " ind2=" " tag="300"><subfield code="a">li, 703 p :</subfield><subfield code="b">ill., port. ;</subfield><subfield code="c">24 cm.</subfield></datafield><datafield ind1=" " ind2=" " tag="336"><subfield code="a">text</subfield><subfield code="b">txt</subfield><subfield code="2">rdacontent</subfield></datafield><datafield ind1=" " ind2=" " tag="337"><subfield code="a">unmediated</subfield><subfield code="b">n</subfield><subfield code="2">rdamedia</subfield></datafield><datafield ind1=" " ind2=" " tag="338"><subfield code="a">volume</subfield><subfield code="b">nc</subfield><subfield code="2">rdacarrier</subfield></datafield><datafield ind1=" " ind2=" " tag="500"><subfield code="a">Label on t.p.: Paris : Diffusion, Tec &amp; Doc.</subfield></datafield><datafield ind1=" " ind2=" " tag="500"><subfield code="a">At head of title: European Association for Research on Plant Breeding.</subfield></datafield><datafield ind1=" " ind2=" " tag="504"><subfield code="a">Includes bibliographies.</subfield></datafield><datafield ind1=" " ind2=" " tag="596"><subfield code="a">48</subfield></datafield><datafield ind1=" " ind2="0" tag="650"><subfield code="a">Triticale</subfield><subfield code="v">Congresses.</subfield></datafield><datafield ind1="1" ind2=" " tag="700"><subfield code="a">Bernard, S.</subfield></datafield><datafield ind1="1" ind2=" " tag="700"><subfield code="a">Bernard, M.</subfield><subfield code="q">(Michel)</subfield></datafield><datafield ind1="2" ind2=" " tag="710"><subfield code="a">Eucarpia.</subfield></datafield><datafield ind1="0" ind2=" " tag="740"><subfield code="a">G&#233;n&#233;tique et s&#233;lection du triticale.</subfield></datafield><datafield ind1=" " ind2=" " tag="926"><subfield code="a">SB 191 T7 E86 1984</subfield><subfield code="w">LC</subfield><subfield code="c">1</subfield><subfield code="i">000035844828</subfield><subfield code="d">6/2/2009</subfield><subfield code="e">1/16/2009</subfield><subfield code="l">ON_SHELF</subfield><subfield code="m">UASCITECH</subfield><subfield code="n">15</subfield><subfield code="p">$150.00</subfield><subfield code="r">Y</subfield><subfield code="s">Y</subfield><subfield code="t">BOOK</subfield><subfield code="u">3/12/1991</subfield></datafield></record>